@article{conway1996pascal,
    title={Pascalâ€™s triangle},
    author={Conway, JH and Guy, RK},
    journal={The Book of Numbers. New York: Springer-Verlag},
    pages={68--70},
    year={1996}
}

@article{graham1989concrete,
    title={Concrete mathematics: a foundation for computer science},
    author={Graham, Ronald L and Knuth, Donald E and Patashnik, Oren and Liu, Stanley},
    journal={Computers in Physics},
    volume={3},
    number={5},
    pages={160-162},
    year={1989},
    publisher={American Institute of Physics}
}