@article{conway1996pascal,
    title={Pascalâ€™s triangle},
    author={Conway, JH and Guy, RK},
    journal={The Book of Numbers. New York: Springer-Verlag},
    pages={68--70},
    year={1996}
}

@article{graham1989concrete,
    title={Concrete mathematics: a foundation for computer science},
    author={Graham, Ronald L and Knuth, Donald E and Patashnik, Oren and Liu, Stanley},
    journal={Computers in Physics},
    volume={3},
    number={5},
    pages={160-162},
    year={1989},
    publisher={American Institute of Physics}
}

@MISC{PK22Source,
    author = {Petro Kolosov},
    title = {{"Polynomial identities involving Pascal's triangle rows" Source files}},
    howpublished = {published electronically at \url {https://github.com/kolosovpetro/PolynomialIdentitiesInvolvingPascalsTriangleRows}},
    year = {2022}
}

@Book{AbraSteg72,
    Title = {Handbook of Mathematical Functions with Formulas, Graphs, and Mathematical Tables},
    Editor = {Abramowitz, Milton and Stegun, Irene A.},
    Publisher = {U.S. Government Printing Office},
    Year = {1972},
    Address = {Washington, DC, USA},
    Edition = {Tenth Printing}
}

@MISC{Sloane_theencyclopedia,
    author = {N. J. A. Sloane},
    title = {The On-Line Encyclopedia of Integer Sequences},
    howpublished = {published electronically at \url {https://oeis.org}},
    year = {1964}
}

@book{gross2016combinatorial,
    title={Combinatorial methods with computer applications},
    author={Gross, Jonathan L},
    year={2016},
    publisher={CRC Press}
}